<record><leader>00000cas a22000007a 4500</leader><controlfield tag="001">20449405</controlfield><controlfield tag="008">891006d19811992mnuwr ne      0    0eng d</controlfield><datafield ind1=" " ind2=" " tag="010"><subfield code="a">sn 89064106 </subfield></datafield><datafield ind1=" " ind2=" " tag="040"><subfield code="a">MN#</subfield><subfield code="b">eng</subfield><subfield code="c">MN#</subfield><subfield code="d">NSD</subfield><subfield code="d">OCLCQ</subfield></datafield><datafield ind1=" " ind2=" " tag="042"><subfield code="a">msc</subfield></datafield><datafield ind1=" " ind2=" " tag="043"><subfield code="a">n-us-mn</subfield></datafield><datafield ind1=" " ind2=" " tag="052"><subfield code="a">4144</subfield><subfield code="b">G45</subfield></datafield><datafield ind1=" " ind2=" " tag="052"><subfield code="a">4143</subfield><subfield code="b">F7</subfield></datafield><datafield ind1="0" ind2=" " tag="130"><subfield code="a">Leader-press (Glenville, Minn.)</subfield></datafield><datafield ind1="1" ind2="0" tag="245"><subfield code="a">Leader-press.</subfield></datafield><datafield ind1=" " ind2=" " tag="260"><subfield code="a">Glenville, Minn. :</subfield><subfield code="b">Stuart B. Madson,</subfield><subfield code="c">1981-</subfield></datafield><datafield ind1=" " ind2=" " tag="300"><subfield code="a">v.</subfield></datafield><datafield ind1=" " ind2=" " tag="310"><subfield code="a">Weekly</subfield></datafield><datafield ind1="0" ind2=" " tag="362"><subfield code="a">Vol. 82, no. 5 (Feb. 5, 1981)-</subfield></datafield><datafield ind1="1" ind2=" " tag="362"><subfield code="a">Ceased in 1992?</subfield></datafield><datafield ind1=" " ind2=" " tag="530"><subfield code="a">Available on microfilm from the Minnesota Historical Society.</subfield></datafield><datafield ind1=" " ind2="0" tag="651"><subfield code="a">Glenville (Minn.)</subfield><subfield code="v">Newspapers.</subfield></datafield><datafield ind1=" " ind2=" " tag="752"><subfield code="a">United States</subfield><subfield code="b">Minnesota</subfield><subfield code="c">Freeborn</subfield><subfield code="d">Glenville.</subfield></datafield><datafield ind1="0" ind2="4" tag="780"><subfield code="t">Shell rock press</subfield><subfield code="w">(DLC)sn 89064105</subfield></datafield><datafield ind1="0" ind2="4" tag="780"><subfield code="t">Emmons leader</subfield><subfield code="w">(DLC)sn 89064332</subfield></datafield><datafield ind1="0" ind2="4" tag="785"><subfield code="t">Weekly review (Emmons, Minn.)</subfield><subfield code="x">1059-4744</subfield><subfield code="w">(DLC)sn 91002391</subfield></datafield></record>